@article{achanta2010slic,
  title={Slic superpixels},
  author={Achanta, Radhakrishna and Shaji, Appu and Smith, Kevin and Lucchi, Aurelien and Fua, Pascal and S{\"u}sstrunk, Sabine},
  year={2010}
}
@article{chaudhuri2016region,
  title={Region-based retrieval of remote sensing images using an unsupervised graph-theoretic approach},
  author={Chaudhuri, Bindita and Demir, Beg{\"u}m and Bruzzone, Lorenzo and Chaudhuri, Subhasis},
  journal={IEEE Geoscience and Remote Sensing Letters},
  volume={13},
  number={7},
  pages={987--991},
  year={2016},
  publisher={IEEE}
}
@inproceedings{Lowe1999Object,
  title={Object Recognition from Local Scale-Invariant Features},
  author={Lowe, David G.},
  booktitle={Computer Vision, 1999. The Proceedings of the Seventh IEEE International Conference on},
  year={1999},
}
@article{MaenpaaMultiresolution,
  title={Multiresolution gray-scale and rotation invariant texture classification with local binary patterns},
  author={Maenpaa, T.},
  journal={IEEE Transactions on Pattern Analysis and Machine Intelligence},
  volume={24},
  number={7},
  pages={971-987},
}

@inproceedings{Heikkil2008Blur,
  title={Blur Insensitive Texture Classification Using Local Phase Quantization},
  author={Heikkilä, Janne},
  booktitle={International Conference on Image and Signal Processing},
  year={2008},
}
@article{Petroski2017Robust,
  title={Robust Spatial Filtering with Graph Convolutional Neural Networks},
  author={Petroski Such, Felipe and Sah, Shagan and Dominguez, Miguel Alexander and Pillai, Suhas and Zhang, Chao and Michael, Andrew and Cahill, Nathan D. and Ptucha, Raymond},
  journal={IEEE Journal of Selected Topics in Signal Processing},
  pages={1-1},
  year={2017},
}

@inproceedings{Ailon2014Deep,
  title={Deep Metric Learning Using Triplet Network},
  author={Ailon, Nir},
  booktitle={International Workshop on Similarity-Based Pattern Recognition},
  year={2014},
}
% article example, keyword: 'Beauregard2005'
@article{ROSIE2007,
    author = {ROSIE and Proulx, Jean and Rossmo, D. Kim},
     title = {Characteristics of opiate users presenting for a new treatment episode: Baseline data from the national drug treatment outcome study in Ireland (ROSIE)},
   journal = {Drugs},
    volume = {14},
      year = {2007},
    number = {3},
     pages = {217–230},
}
@inproceedings{Ojala2002Multiresolution,
  title={Multiresolution gray-scale and rotation invariant texture classification with local binary patterns},
  author={Ojala, T. and Pietikainen, M. and Maenpaa, T.},
  year={2002},
}
% book example
@book{Hicks2006,
    author = {Hicks, Scotia J. and Sales, Bruce D.},
     title = {Crime Analysis: From First Report to Final Arrest},
 publisher = {American Psychological Association},
   ADDRESS = {Washington, DC},
      year = {2006},
     pages = {245},
}

% webpage

@misc{doboszczak,
     title = {Mathematical Modeling by Differential Equations},
    author = {{Doboszczak, Stefan} and {Virginia Forstall}},
      year = {2013},
      note = {\url{http://www.norbertwiener.umd.edu/Education/m3cdocs/Presentation2.pdf}. Accessed on january 14, 2015},
}
@book{Hoffer2015Deep,
  title={Deep Metric Learning Using Triplet Network},
  author={Hoffer, Elad and Ailon, Nir},
  publisher={Springer International Publishing},
  year={2015},
}
@inproceedings{hamilton2017inductive,
  title={Inductive representation learning on large graphs},
  author={Hamilton, Will and Ying, Zhitao and Leskovec, Jure},
  booktitle={Advances in neural information processing systems},
  pages={1024--1034},
  year={2017}
}

@inproceedings{atwood2016diffusion,
  title={Diffusion-convolutional neural networks},
  author={Atwood, James and Towsley, Don},
  booktitle={Advances in neural information processing systems},
  pages={1993--2001},
  year={2016}
}

@inproceedings{defferrard2016convolutional,
  title={Convolutional neural networks on graphs with fast localized spectral filtering},
  author={Defferrard, Micha{\"e}l and Bresson, Xavier and Vandergheynst, Pierre},
  booktitle={Advances in neural information processing systems},
  pages={3844--3852},
  year={2016}
}

@article{kipf2016semi,
  title={Semi-supervised classification with graph convolutional networks},
  author={Kipf, Thomas N and Welling, Max},
  journal={arXiv preprint arXiv:1609.02907},
  year={2016}
}

@inproceedings{monti2017geometric,
  title={Geometric deep learning on graphs and manifolds using mixture model cnns},
  author={Monti, Federico and Boscaini, Davide and Masci, Jonathan and Rodola, Emanuele and Svoboda, Jan and Bronstein, Michael M},
  booktitle={Proceedings of the IEEE Conference on Computer Vision and Pattern Recognition},
  pages={5115--5124},
  year={2017}
}

@article{henaff2015deep,
  title={Deep convolutional networks on graph-structured data. arXiv (2015)},
  author={Henaff, Mikael and Bruna, Joan and LeCun, Yann},
  journal={arXiv preprint arXiv:1506.05163},
  year={2015}
}

@article{zhang2018graph,
  title={Graph convolution over pruned dependency trees improves relation extraction},
  author={Zhang, Yuhao and Qi, Peng and Manning, Christopher D},
  journal={arXiv preprint arXiv:1809.10185},
  year={2018}
}

@article{garcia2017few,
  title={Few-shot learning with graph neural networks},
  author={Garcia, Victor and Bruna, Joan},
  journal={arXiv preprint arXiv:1711.04043},
  year={2017}
}

@inproceedings{wang2018zero,
  title={Zero-shot recognition via semantic embeddings and knowledge graphs},
  author={Wang, Xiaolong and Ye, Yufei and Gupta, Abhinav},
  booktitle={Proceedings of the IEEE conference on computer vision and pattern recognition},
  pages={6857--6866},
  year={2018}
}

@inproceedings{fout2017protein,
  title={Protein interface prediction using graph convolutional networks},
  author={Fout, Alex and Byrd, Jonathon and Shariat, Basir and Ben-Hur, Asa},
  booktitle={Advances in neural information processing systems},
  pages={6530--6539},
  year={2017}
}

@article{yang2012geographic,
  title={Geographic image retrieval using local invariant features},
  author={Yang, Yi and Newsam, Shawn},
  journal={IEEE Transactions on Geoscience and Remote Sensing},
  volume={51},
  number={2},
  pages={818--832},
  year={2012},
  publisher={IEEE}
}

@article{aptoula2013remote,
  title={Remote sensing image retrieval with global morphological texture descriptors},
  author={Aptoula, Erchan},
  journal={IEEE transactions on geoscience and remote sensing},
  volume={52},
  number={5},
  pages={3023--3034},
  year={2013},
  publisher={IEEE}
}
@article{Chaudhuri2018Multilabel,
  title={Multilabel Remote Sensing Image Retrieval Using a Semisupervised Graph-Theoretic Method},
  author={Chaudhuri, Bindita and Demir, Begum and Chaudhuri, Subhasis and Bruzzone, Lorenzo},
  journal={IEEE Transactions on Geoscience and Remote Sensing},
  volume={56},
  number={2},
  pages={1144-1158},
  year={2018},
}
@article{musci2013assessment,
  title={Assessment of binary coding techniques for texture characterization in remote sensing imagery},
  author={Musci, Marcelo and Feitosa, Raul Queiroz and Costa, Gilson AOP and Velloso, Maria Luiza Fernandes},
  journal={IEEE Geoscience and Remote Sensing Letters},
  volume={10},
  number={6},
  pages={1607--1611},
  year={2013},
  publisher={IEEE}
}

@article{wang2012remote,
  title={Remote sensing image retrieval by scene semantic matching},
  author={Wang, Min and Song, Tengyi},
  journal={IEEE Transactions on Geoscience and Remote Sensing},
  volume={51},
  number={5},
  pages={2874--2886},
  year={2012},
  publisher={IEEE}
}
@inproceedings{aksoy2006modeling,
  title={Modeling of remote sensing image content using attributed relational graphs},
  author={Aksoy, Selim},
  booktitle={Joint IAPR international workshops on statistical techniques in pattern recognition (SPR) and structural and syntactic pattern recognition (SSPR)},
  pages={475--483},
  year={2006},
  organization={Springer}
}

@inproceedings{bromley1994signature,
  title={Signature verification using a" siamese" time delay neural network},
  author={Bromley, Jane and Guyon, Isabelle and LeCun, Yann and S{\"a}ckinger, Eduard and Shah, Roopak},
  booktitle={Advances in neural information processing systems},
  pages={737--744},
  year={1994}
}

@inproceedings{chopra2005learning,
  title={Learning a similarity metric discriminatively, with application to face verification},
  author={Chopra, Sumit and Hadsell, Raia and LeCun, Yann},
  booktitle={2005 IEEE Computer Society Conference on Computer Vision and Pattern Recognition (CVPR'05)},
  volume={1},
  pages={539--546},
  year={2005},
  organization={IEEE}
}
@inproceedings{hadsell2006dimensionality,
  title={Dimensionality reduction by learning an invariant mapping},
  author={Hadsell, Raia and Chopra, Sumit and LeCun, Yann},
  booktitle={2006 IEEE Computer Society Conference on Computer Vision and Pattern Recognition (CVPR'06)},
  volume={2},
  pages={1735--1742},
  year={2006},
  organization={IEEE}
}